@FOOTNOTE{Note1,key="Note1",note="In the presence of a non-uniform field, efficiency correction functions naively derived without field-smoothing the $^{83m}$Kr data would not be applicable at other electron recoil energies, nor would they be applicable to nuclear recoil events in WIMP search data."}
@CONTROL{REVTEX41Control}
@CONTROL{apsrev41Control,author="08",editor="1",pages="0",title="",year="1"}
